% This file was created with JabRef 2.9.2.
% Encoding: ISO8859_1


@INPROCEEDINGS{Garcia:2016, 
 author={Garcia, Vin\'icius F. and Mergen, S\'ergio L. S.},
 booktitle={XVI Escola Regional de Alto Desempenho, 2016.}, 
 title={Usando Tabelas de Dispers\~ao com PPM}, 
 year={2016},
 address = {S\~ao Leopoldo, RS, Brasil},
 pages={335-338},
}

@INPROCEEDINGS{Garcia2:2016, 
 author={Garcia, Vin\'icius F. and Mergen, S\'ergio L. S.},
 booktitle={XII Escola Regional de Banco de Dados, 2016.}, 
 title={Compress\~ao de Arquivos Orientados a Coluna com PPM},
 year={2016},
 address = {Londrina, PR, Brasil},
 pages={40-49},
}

@ARTICLE{Garcia3:2016,
 author={Garcia, Vin\'icius F. and Mergen, S\'ergio L. S.},
 title = {Compression of Very Sparse Column Oriented Data},
 journal = {Communications and Innovations Gazette},
 issue_date = {Oct. 2016},
 volume = {1},
 number = {2},
 month = oct,
 year = {2016},
 issn = {2448-1904},
 pages = {61--73},
 numpages = {13},
 url = {http://dx.doi.org/10.5902/2448190422772},
 doi = {10.5902/2448190422772},
 address = {Santa Maria, RS, BR},
} 

@article{huffman1952method,
  title={A method for the construction of minimum redundancy codes},
  author={Huffman, David A and others},
  journal={Proceedings of the IRE},
  volume={40},
  number={9},
  pages={1098--1101},
  year={1952}
}


@article{witten1987arithmetic,
  title={Arithmetic coding for data compression},
  author={Witten, Ian H and Neal, Radford M and Cleary, John G},
  journal={Communications of the ACM},
  volume={30},
  number={6},
  pages={520--540},
  year={1987},
  publisher={ACM}
}

@article{ziv1977universal,
  title={A universal algorithm for sequential data compression},
  author={Ziv, Jacob and Lempel, Abraham},
  journal={IEEE Transactions on information theory},
  volume={23},
  number={3},
  pages={337--343},
  year={1977}
}

@book{salomon2004data,
  title={Data compression: the complete reference},
  author={Salomon, David},
  year={2004},
  publisher={Springer Science \& Business Media}
}

@article{cleary1984data,
  title={Data compression using adaptive coding and partial string matching},
  author={Cleary, John G and Witten, Ian H},
  journal={Communications, IEEE Transactions on},
  volume={32},
  number={4},
  pages={396--402},
  year={1984},
  publisher={IEEE}
}

@article{moffat1990implementing,
  title={Implementing the PPM data compression scheme},
  author={Moffat, Alistair},
  journal={Communications, IEEE Transactions on},
  volume={38},
  number={11},
  pages={1917--1921},
  year={1990},
  publisher={IEEE}
}